<?xml version="1.0" encoding="UTF-8"?><record xmlns="http://www.loc.gov/MARC21/slim" xmlns:cinclude="http://apache.org/cocoon/include/1.0" xmlns:zs="http://www.loc.gov/zing/srw/">
  <leader>00566nz  a2200133n  4500</leader>
  <controlfield tag="001">n  88088715 </controlfield>
  <controlfield tag="003">DLC</controlfield>
  <controlfield tag="005">19880428071510.8</controlfield>
  <controlfield tag="008">880328n| acannaab|          |a aaa ||| c</controlfield>
  <datafield tag="010" ind1=" " ind2=" ">
    <subfield code="a">n  88088715 </subfield>
  </datafield>
  <datafield tag="040" ind1=" " ind2=" ">
    <subfield code="a">MdU</subfield>
    <subfield code="c">DLC</subfield>
  </datafield>
  <datafield tag="100" ind1="1" ind2="0">
    <subfield code="a">Laffitte, Jacques,</subfield>
    <subfield code="d">1767-1844.</subfield>
    <subfield code="t">Réflexions sur la réduction de la rente et sur l'état du crédit.</subfield>
    <subfield code="l">Swedish</subfield>
  </datafield>
  <datafield tag="400" ind1="1" ind2="0">
    <subfield code="a">Laffitte, Jacques,</subfield>
    <subfield code="d">1767-1844.</subfield>
    <subfield code="t">Tankar om rantans nedsättning å statsskulden och om creditens tillstånd</subfield>
  </datafield>
  <datafield tag="670" ind1=" " ind2=" ">
    <subfield code="a">His Tankar om räntans nedsättning å statsskulden och om creditens tillstånd, 1828.</subfield>
  </datafield>
</record>